@article{alur94,
  author    = {Rajeev Alur and David L. Dill},
  title     = {A Theory of Timed Automata},
  journal   = {Theor. Comput. Sci.},
  year      = {1994}, 
}
@phdthesis{tripakis98:thesis,
author       = {Stavros Tripakis},
title        = {The analysis of timed systems in practice},
school       = {Joseph Fourier University},
year         = {1998},
}
@inproceedings{bengtssonY03,
  author    = {Johan Bengtsson and Wang Yi},
  title     = {On Clock Difference Constraints and Termination in Reachability Analysis of Timed Automata},
  optbooktitle = {Proceedings of ICFEM},
  booktitle = {ICFEM},
  year      = {2003},
}
@article{henzinger94,
 author = {Henzinger, Thomas A. and Nicollin, Xavier and Sifakis, Joseph and Yovine, Sergio},
 title = {Symbolic model checking for real-time systems},
 journal = {Inf. Comput.},
 year = {1994},
}
@book{obs_equiv,
  author = {Robin Milner},
  title = {Communication and concurrency},
  publisher = {Perentice Hall},
  year={1995},
}

@INPROCEEDINGS{lin-inv, 
  author={Bensalem, S. and Bozga, M. and Boyer, B. and Legay, A.}, 
  booktitle={Application of Concurrency to System Design (ACSD), 2013 13th International Conference on}, 
  title={Incremental Generation of Linear Invariants for Component-Based Systems}, 
  year={2013}, 
  pages={80-89}, 
  doi={10.1109/ACSD.2013.11}, 
  month={July},
} 


@ARTICLE{MurataPetriNet,
  author={Murata, T.},
  journal={Proceedings of the IEEE},
  title={Petri nets: Properties, analysis and applications},
  year={1989},
  volume={77},
  number={4},
  pages={541-580},
  keywords={Petri nets;logic programming;stochastic processes;Petri nets;behavioural properties;concurrent system model;high-level nets;logic programming;marked graphs;performance modeling;reachability      criteria;stochastic nets;structural properties;subclasses;Books;Equations;History;Information processing;Logic programming;Mathematical model;Petri nets;Power system modeling;Stochastic processes;Stoc     hastic systems},
  doi={10.1109/5.24143},
  ISSN={0018-9219},
  month={Apr},
}
  
@inproceedings{DBLP:conf/tacas/AstefanoaeiRBBC14,
  author    = {Lacramioara Astefanoaei and
               Souha Ben Rayana and
               Saddek Bensalem and
               Marius Bozga and
               Jacques Combaz},
  title     = {Compositional Invariant Generation for Timed Systems},
  booktitle = {Tools and Algorithms for the Construction and Analysis of Systems
              - 20th International Conference, {TACAS} 2014, Held as Part of the
              European Joint Conferences on Theory and Practice of Software, {ETAPS}
              2014, Grenoble, France, April 5-13, 2014. Proceedings},
  pages     = {263--278}, 
  year      = {2014},     
  crossref  = {DBLP:conf/tacas/2014},
  url       = {http://dx.doi.org/10.1007/978-3-642-54862-8_18},
  doi       = {10.1007/978-3-642-54862-8_18},
  timestamp = {Sun, 23 Mar 2014 11:19:21 +0100},
  biburl    = {http://dblp.uni-trier.de/rec/bib/conf/tacas/AstefanoaeiRBBC14},
  bibsource = {dblp computer science bibliography, http://dblp.org}
}                         

@article{RTD-FINDER,                             
  author    = {Souha Ben Rayana and            
               Lacramioara Astefanoaei and 
               Saddek Bensalem and
               Marius Bozga and
               Jacques Combaz},
  title     = {Compositional Verification for Timed Systems Based on Automatic Invariant
               Generation},               
  journal   = {CoRR},                          
  volume    = {abs/1506.04879},                
  year      = {2015},                          
  url       = {http://arxiv.org/abs/1506.04879},
  timestamp = {Wed, 01 Jul 2015 15:10:24 +0200},
  biburl    = {http://dblp.uni-trier.de/rec/bib/journals/corr/RayanaABBC15},
  bibsource = {dblp computer science bibliography, http://dblp.org},
}                                                

@techreport {veriRepo,
  title = {Compositional Invariant Generation for Timed Systems},
  author = {Saddek Bensalem, Benoit Boyer, Marius Bozga and Axel Legay},                  
  institution = {{Verimag} Research Report},
  number = {TR-2012-15},
  year = {2012},
}

@article{Charette09,
  author    = {Robert N. Charette},
  title     = {This Car Runs on Code},
  journal   = {IEEE Spectrum},
  year      = {2009},
  url       = {http://spectrum.ieee.org/green-tech/advanced-cars/this-car-runs-on-code}
}

@inproceedings{Kopetz:2004:IAD:1032662.1034360,
 author = {Kopetz, Hermann},
 title = {An Integrated Architecture for Dependable Embedded Systems},
 booktitle = {Proceedings of the 23rd IEEE International Symposium on Reliable Distributed Systems},
 series = {SRDS '04},
 year = {2004},
 isbn = {0-7695-2239-4},
 pages = {160--161},
 numpages = {2},
 url = {http://dl.acm.org/citation.cfm?id=1032662.1034360},
 acmid = {1034360},
 publisher = {IEEE Computer Society},
 address = {Washington, DC, USA},
} 

@inproceedings{rtbip11,
  author    = {Tesnim Abdellatif and
               Jacques Combaz and
               Joseph Sifakis},
  title     = {Model-based implementation of real-time applications},
  optbooktitle = {Proceedings of EMSOFT},
  booktitle = {EMSOFT},
  year      = {2010},
}

@article{DBLP:journals/arc/Kopetz03,
  author    = {Hermann Kopetz},
  title     = {Time-triggered real-time computing},
  journal   = {Annual Reviews in Control},
  volume    = {27},
  number    = {1},
  pages     = {3--13},
  year      = {2003},
  url       = {http://dx.doi.org/10.1016/S1367-5788(03)00002-6},
  doi       = {10.1016/S1367-5788(03)00002-6},
  timestamp = {Fri, 13 Dec 2013 15:00:10 +0100},
  biburl    = {http://dblp.uni-trier.de/rec/bib/journals/arc/Kopetz03},
  bibsource = {dblp computer science bibliography, http://dblp.org}
}
@inproceedings{DBLP:conf/pdcs/ChabrolDALD05,
  author    = {Damien Chabrol and
               Vincent David and
               Christophe Aussagu{\`{e}}s and
               St{\'{e}}phane Louise and
               Fr{\'{e}}d{\'{e}}ric Daumas},
  title     = {Deterministic Distributed Safety-Critical Real-Time Systems within
               the Oasis Approach},
  booktitle = {International Conference on Parallel and Distributed Computing Systems,
               {PDCS} 2005, November 14-16, 2005, Phoenix, AZ, {USA}},
  pages     = {260--268},
  year      = {2005},
  crossref  = {DBLP:conf/pdcs/2005},
  timestamp = {Tue, 26 Sep 2006 13:38:54 +0200},
  biburl    = {http://dblp.uni-trier.de/rec/bib/conf/pdcs/ChabrolDALD05},
  bibsource = {dblp computer science bibliography, http://dblp.org}
}

@inproceedings{DBLP:conf/hybrid/GhosalHKS04,
  author    = {Arkadeb Ghosal and
               Thomas A. Henzinger and
               Christoph M. Kirsch and
               Marco A. A. Sanvido},
  title     = {Event-Driven Programming with Logical Execution Times},
  booktitle = {Hybrid Systems: Computation and Control, 7th International Workshop,
               {HSCC} 2004, Philadelphia, PA, USA, March 25-27, 2004, Proceedings},
  pages     = {357--371},
  year      = {2004},
  crossref  = {DBLP:conf/hybrid/2004},
  url       = {http://dx.doi.org/10.1007/978-3-540-24743-2_24},
  doi       = {10.1007/978-3-540-24743-2_24},
  timestamp = {Wed, 06 Jul 2011 21:22:17 +0200},
  biburl    = {http://dblp.uni-trier.de/rec/bib/conf/hybrid/GhosalHKS04},
  bibsource = {dblp computer science bibliography, http://dblp.org}
}
@inproceedings{DBLP:conf/lctrts/HenzingerKM05,
  author    = {Thomas A. Henzinger and
               Christoph M. Kirsch and
               Slobodan Matic},
  title     = {Composable code generation for distributed giotto},
  booktitle = {Proceedings of the 2005 {ACM} {SIGPLAN/SIGBED} Conference on Languages,
               Compilers, and Tools for Embedded Systems (LCTES'05), Chicago, Illinois,
               USA, June 15-17, 2005},
  pages     = {21--30},
  year      = {2005},
  crossref  = {DBLP:conf/lctrts/2005},
  url       = {http://doi.acm.org/10.1145/1070891.1065914},
  doi       = {10.1145/1070891.1065914},
  timestamp = {Tue, 22 May 2012 15:24:56 +0200},
  biburl    = {http://dblp.uni-trier.de/rec/bib/conf/lctrts/HenzingerKM05},
  bibsource = {dblp computer science bibliography, http://dblp.org}
}

@inproceedings{uppaal,
  author    = {Gerd Behrmann and
               Alexandre David and
               Kim Guldstrand Larsen and
               John H{\aa}kansson and
               Paul Pettersson and
               Wang Yi and
               Martijn Hendriks},
  title     = {{UPPAAL} 4.0},
  optbooktitle = {Proceedings of QEST},
  booktitle = {QEST},
  year      = {2006},
}

@inproceedings{DBLP:conf/rtas/ZhaoLL07,
  author    = {Yang Zhao and
               Jie Liu and
               Edward A. Lee},
  title     = {A Programming Model for Time-Synchronized Distributed Real-Time Systems},
  booktitle = {Proceedings of the 13th {IEEE} Real-Time and Embedded Technology and
               Applications Symposium, {RTAS} 2007, April 3-6, 2007, Bellevue, Washington,
               {USA}},
  pages     = {259--268},
  year      = {2007},
  crossref  = {DBLP:conf/rtas/2007},
  url       = {http://dx.doi.org/10.1109/RTAS.2007.5},
  doi       = {10.1109/RTAS.2007.5},
  timestamp = {Wed, 01 Oct 2014 16:34:23 +0200},
  biburl    = {http://dblp.uni-trier.de/rec/bib/conf/rtas/ZhaoLL07},
  bibsource = {dblp computer science bibliography, http://dblp.org}
}

@article{Bagrodia:1989:PSD:75618.75621,
 author = {Bagrodia, R.},
 title = {Process Synchronization: Design and Performance Evaluation of Distributed Algorithms},
 journal = {IEEE Trans. Softw. Eng.},
 issue_date = {September 1989},
 volume = {15},
 number = {9},
 month = sep,
 year = {1989},
 issn = {0098-5589},
 pages = {1053--1065},
 numpages = {13},
 url = {http://dx.doi.org/10.1109/32.31364},
 doi = {10.1109/32.31364},
 acmid = {75621},
 publisher = {IEEE Press},
 address = {Piscataway, NJ, USA},
 keywords = {auxiliary resources, circulating token, committee coordination problem, computational complexity, distributed algorithms, exclusion problem, level of conflict, message complexity, message counts, message switching, model parameters, multiway rendezvous, network topology, performance evaluation, process synchronization, response time, simulation study, synchronisation, synchronization problem},
} 

@inproceedings{DBLP:conf/fsttcs/Bagrodia87,
  author    = {Rajive Bagrodia},
  title     = {A Distributed Algorithm to Implement N-Party Rendevouz},
  booktitle = {Foundations of Software Technology and Theoretical Computer Science,
               Seventh Conference, Pune, India, December 17-19, 1987, Proceedings},
  pages     = {138--152},
  year      = {1987},
  crossref  = {DBLP:conf/fsttcs/1987},
  url       = {http://dx.doi.org/10.1007/3-540-18625-5_48},
  doi       = {10.1007/3-540-18625-5_48},
  timestamp = {Thu, 01 Oct 2009 15:28:14 +0200},
  biburl    = {http://dblp.uni-trier.de/rec/bib/conf/fsttcs/Bagrodia87},
  bibsource = {dblp computer science bibliography, http://dblp.org}
}

@book{Chandy:1988:PPD:59087,
 author = {K. Mani Chandy and Jayadev Misra},
 title = {Parallel Program Design: A Foundation},
 year = {1988},
 isbn = {0-201-05866-9},
 publisher = {Addison-Wesley Longman Publishing Co., Inc.},
 address = {Boston, MA, USA},
} 

@article{DBLP:journals/toplas/ChandyM84,
  author    = {K. Mani Chandy and
               Jayadev Misra},
  title     = {The Drinking Philosopher's Problem},
  journal   = {{ACM} Trans. Program. Lang. Syst.},
  volume    = {6},
  number    = {4},
  pages     = {632--646},
  year      = {1984},
  url       = {http://doi.acm.org/10.1145/1780.1804},
  doi       = {10.1145/1780.1804},
  timestamp = {Mon, 03 Apr 2006 11:19:30 +0200},
  biburl    = {http://dblp.uni-trier.de/rec/bib/journals/toplas/ChandyM84},
  bibsource = {dblp computer science bibliography, http://dblp.org}
}


@inproceedings{DBLP:conf/coordination/PerezCRT02,
  author    = {Jos{\'{e}} Antonio P{\'{e}}rez and
               Rafael Corchuelo and
               David Ruiz and
               Miguel Toro},
  title     = {An Order-Based, Distributed Algorithm for Implementing Multiparty
               Interactions},
  booktitle = {Coordination Models and Languages, 5th International Conference, {COORDINATION}
               2002, YORK, UK, April 8-11, 2002, Proceedings},
  pages     = {250--257},
  year      = {2002},
  crossref  = {DBLP:conf/coordination/2002},
  url       = {http://dx.doi.org/10.1007/3-540-46000-4_24},
  doi       = {10.1007/3-540-46000-4_24},
  timestamp = {Wed, 29 Jun 2011 15:49:53 +0200},
  biburl    = {http://dblp.uni-trier.de/rec/bib/conf/coordination/PerezCRT02},
  bibsource = {dblp computer science bibliography, http://dblp.org}
}

@inproceedings{DBLP:conf/concur/ParrowS92,
  author    = {Joachim Parrow and
               Peter Sj{\"{o}}din},
  title     = {Multiway Synchronizaton Verified with Coupled Simulation},
  booktitle = {{CONCUR} '92, Third International Conference on Concurrency Theory,
               Stony Brook, NY, USA, August 24-27, 1992, Proceedings},
  pages     = {518--533},
  year      = {1992},
  crossref  = {DBLP:conf/concur/1992},
  url       = {http://dx.doi.org/10.1007/BFb0084813},
  doi       = {10.1007/BFb0084813},
  timestamp = {Tue, 13 Oct 2009 15:21:47 +0200},
  biburl    = {http://dblp.uni-trier.de/rec/bib/conf/concur/ParrowS92},
  bibsource = {dblp computer science bibliography, http://dblp.org}
}

@phdthesis{quilbeuf:tel-01168470,
  TITLE = {{Distributed Implementations of Component-based Systems with Prioritized Multiparty Interactions : Application to the BIP Framework.}},
  AUTHOR = {Quilbeuf, Jean},
  URL = {https://tel.archives-ouvertes.fr/tel-01168470},
  NUMBER = {2013GRENM063},
  SCHOOL = {{Universit{\'e} de Grenoble}},
  YEAR = {2013},
  MONTH = Sep,
  KEYWORDS = {Distributed System ; Component-based ; Correct-by-construction ; BIP ; Priority ; Syst{\`e}me distribu{\'e} ; Composants ; Correct-par-construction ; Priorit{\'e}s},
  TYPE = {Theses},
  PDF = {https://tel.archives-ouvertes.fr/tel-01168470/file/29585_QUILBEUF_2013_archivage.pdf},
  HAL_ID = {tel-01168470},
  HAL_VERSION = {v1},
}
@phdthesis{ahlem:thesis,
  author    = {Ahlem Triki},
  title     = {Distributed Implementation of Timed Component-based Systems},
  year      = {2015},
  school    = {UJF},
}

@inproceedings{DBLP:conf/isola/BensalemBCT14,
  author    = {Saddek Bensalem and
               Marius Bozga and
               Jacques Combaz and
               Ahlem Triki},
  title     = {Rigorous System Design Flow for Autonomous Systems},
  booktitle = {Leveraging Applications of Formal Methods, Verification and Validation.
               Technologies for Mastering Change - 6th International Symposium, ISoLA
               2014, Imperial, Corfu, Greece, October 8-11, 2014, Proceedings, Part
               {I}},
  pages     = {184--198},
  year      = {2014},
  crossref  = {DBLP:conf/isola/2014-1},
  url       = {http://dx.doi.org/10.1007/978-3-662-45234-9_13},
  doi       = {10.1007/978-3-662-45234-9_13},
  timestamp = {Fri, 26 Sep 2014 12:54:01 +0200},
  biburl    = {http://dblp.uni-trier.de/rec/bib/conf/isola/BensalemBCT14},
  bibsource = {dblp computer science bibliography, http://dblp.org}
}
  @techreport{yices,
  author = {Dutertre, Bruno and de Moura, Leonardo},
  title = { The Yices SMT solver },
  year = {2006},
  documenturl = {http://yices.csl.sri.com/tool-paper.pdf},
  institution = { SRI International }
}
@article{gear,
  author = 	 {Magnus Lindahl and Paul Pettersson and Wang Yi},
  title = 	 {{Formal Design and Analysis of a Gearbox Controller}},
  journal = 	 {Springer International Journal of Software Tools for Technology Transfer (STTT)},
  year = 	 {2001},
  volume = 	 {3},
  number = 	 {3},
  pages = 	 {353--368}
}

@inproceedings{pace,
 author = {Jiang, Zhihao and Pajic, Miroslav and Moarref, Salar and Alur, Rajeev and Mangharam, Rahul},
 title = {Modeling and Verification of a Dual Chamber Implantable Pacemaker},
 booktitle = {Proceedings of the 18th International Conference on Tools and Algorithms for the Construction and Analysis of Systems},
 series = {TACAS'12},
 year = {2012},
 isbn = {978-3-642-28755-8},
 location = {Tallinn, Estonia},
 pages = {188--203},
 numpages = {16},
 url = {http://dx.doi.org/10.1007/978-3-642-28756-5_14},
 doi = {10.1007/978-3-642-28756-5_14},
 acmid = {2260535},
 publisher = {Springer-Verlag},
 address = {Berlin, Heidelberg},
 keywords = {cyber-physical systems, implantable pacemaker, medical devices, software verification},
} 

@inproceedings{Basu:BIP,
 author = {Basu, Ananda and Bozga, Marius and Sifakis, Joseph},
 title = {Modeling Heterogeneous Real-time Components in BIP},
 booktitle = {Proceedings of the Fourth IEEE International Conference on Software Engineering and Formal Methods},
 series = {SEFM '06},
 year = {2006},
 isbn = {0-7695-2678-0},
 pages = {3--12},
 numpages = {10},
 url = {http://dx.doi.org/10.1109/SEFM.2006.27},
 doi = {10.1109/SEFM.2006.27},
 acmid = {1158344},
 publisher = {IEEE Computer Society},
 address = {Washington, DC, USA},
} 

@article{fisch,
 author = {Lamport, Leslie},
 title = {A Fast Mutual Exclusion Algorithm},
 journal = {ACM Trans. Comput. Syst.},
 issue_date = {Feb. 1987},
 volume = {5},
 number = {1},
 month = jan,
 year = {1987},
 issn = {0734-2071},
 pages = {1--11},
 numpages = {11},
 url = {http://doi.acm.org/10.1145/7351.7352},
 doi = {10.1145/7351.7352},
 acmid = {7352},
 publisher = {ACM},
 address = {New York, NY, USA},
} 


